<?xml version="1.0" encoding="UTF-8"?>
<collection xmlns:xsi="http://www.w3.org/2001/XMLSchema-instance" xsi:schemaLocation="http://www.loc.gov/MARC21/slim http://www.loc.gov/standards/marcxml/schema/MARC21slim.xsd" xmlns="http://www.loc.gov/MARC21/slim">
<record>
  <leader>00904cam a2200253 a 4500</leader>
  <controlfield tag="001">2980945</controlfield>
  <controlfield tag="003">NNC</controlfield>
  <controlfield tag="005">20150817132355.0</controlfield>
  <controlfield tag="008">831006s1952    ua            000 0 arar </controlfield>
  <datafield tag="010" ind1=" " ind2=" ">
    <subfield code="a">   75549894 </subfield>
  </datafield>
  <datafield tag="035" ind1=" " ind2=" ">
    <subfield code="a">(OCoLC)ocm09986671</subfield>
  </datafield>
  <datafield tag="035" ind1=" " ind2=" ">
    <subfield code="9">ASM8079CU</subfield>
  </datafield>
  <datafield tag="035" ind1=" " ind2=" ">
    <subfield code="a">(NNC)2980945</subfield>
  </datafield>
  <datafield tag="040" ind1=" " ind2=" ">
    <subfield code="a">DLC</subfield>
    <subfield code="c">IXA</subfield>
    <subfield code="d">ZCU</subfield>
  </datafield>
  <datafield tag="050" ind1=" " ind2=" ">
    <subfield code="a">PJ7810.I8</subfield>
    <subfield code="b">A17 1952</subfield>
  </datafield>
  <datafield tag="100" ind1="0" ind2=" ">
    <subfield code="a">ʻĀʼishah al-Taymūrīyah,</subfield>
    <subfield code="d">1840-1902.</subfield>
  </datafield>
  <datafield tag="240" ind1="0" ind2="0">
    <subfield code="a">Dī wān</subfield>
  </datafield>
  <datafield tag="245" ind1="1" ind2="0">
    <subfield code="a">Ḥilyat al-ṭirāz :</subfield>
    <subfield code="b">dīwān ʻĀʾishah al-Taymūrīyah maʻa al-qaṣāʾid allatī lam yusbaq nashruhā /</subfield>
    <subfield code="c">muqaddamāt li-Qadrīyah Ḥusayn ... [et al.] ; wa-dirāsāt mustafīḍah lil-ānisah Mayy.</subfield>
  </datafield>
  <datafield tag="250" ind1=" " ind2=" ">
    <subfield code="a">al-Ṭabʻah 1.</subfield>
  </datafield>
  <datafield tag="260" ind1=" " ind2=" ">
    <subfield code="a">Cairo :</subfield>
    <subfield code="c">1952.</subfield>
  </datafield>
  <datafield tag="300" ind1=" " ind2=" ">
    <subfield code="a">286 p., [4] leaves of plates :</subfield>
    <subfield code="b">ports. ;</subfield>
    <subfield code="c">24 cm.</subfield>
  </datafield>
  <datafield tag="600" ind1="0" ind2="0">
    <subfield code="a">ʻĀʼishah al-Taymūrīyah,</subfield>
    <subfield code="d">1840-1902.</subfield>
  </datafield>
  <datafield tag="700" ind1="1" ind2=" ">
    <subfield code="a">Ziyādah, Mayy.</subfield>
  </datafield>
  <datafield tag="955" ind1=" " ind2=" ">
    <subfield code="b">0112052680</subfield>
    <subfield code="d">glx</subfield>
    <subfield code="e">PJ7810.I8 A17 1952</subfield>
  </datafield>
</record>
</collection>